@Misc{fission,
  OPTkey = 	 {},
  author =	 "{Kubernetes Fission}",
  title =	 "{Serverless Functions as a Service for Kubernetes developed by
Platform9}",
  howpublished = {\url{http://fission.io}},
  OPTmonth = 	 {},
  OPTyear = 	 {},
  OPTnote = 	 {},
  OPTannote = 	 {}
}
@Misc{whisk,
  OPTkey = 	 {},
  author =	 "{Apache/IBM OpenWhisk}",
  title =	 "{IBM}",
  howpublished = {\url{http://openwhisk.incubator.apache.org/ }},
  OPTmonth = 	 {},
  OPTyear = 	 {},
  OPTnote = 	 {},
  OPTannote = 	 {}
}
@article{openlambda.wp,
 author = {Scott Hendrickson and Stephen Sturdevant and Tyler Harter and Venkateshwaran Venkataramani and Andrea C. Arpaci-Dusseau and Remzi H. Arpaci-Dusseau},
 title = {Serverless Computation with OpenLambda},
  journal = {HotCloud'16 Proceedings of the 8th USENIX Conference on Hot Topics in Cloud Computing},
  year = {2016},
  pages = {33–-39}
}
@misc{iopipe,
 author = {IO Pipe},
 title = {See inside your lambda functions},
 howpublished = {\url{https://www.iopipe.com}},
  year = {2017}
}
@misc{mcgrath.wp,
 author = {McGrath G and Brenner PR},
 title = {Serverless Computing: Design, Implementation, and Performance},
 howpublished = {\url{http://www.serverlesscomputing.org/wosc17/#p4}},
 year = {2017}
}
@article{kinetic.wp,
 author = {H. Kim and J. Reich and A. Gupta and M. Shahbaz and N. Feamster and R. Clark},
 title = {Kinetic: Verifiable Dynamic Network Control},
  journal = {NSDI},
  year = {2015}
}
@article{legosdn.wp,
 author = {B. Chandrasekaran and T. Benson},
 title = {Tolerating SDN Application Failures with LegoSDN},
  journal = {HotNets '14},
  year = {2014}
}
@Misc{downtime,
  OPTkey = 	 {},
  author =	 "{Juniper Networks}",
  title =	 "{What’s Behind Network Downtime?}",
  howpublished = {\url{http://www- 05.ibm.com/uk/juniper/pdf/200249.pdf}}
}
@article{canaries.wp,
 author = {Danyang Zhuo and Qiao Zhang and Xin Yang and Vincent Liu},
 title = {Canaries in the Network},
  journal = {HotNets '16 Proceedings of the 15th ACM Workshop on Hot Topics in Networks},
  month = {November},
  year = {2016},
  pages = {36–-42}
}
@article{stochastic.wp,
 author = {Keith Winstein and Anirudh Sivaraman and Hari Balakrishnan},
 title = {Stochastic Forecasts Achieve High Throughput and Low Delay over Cellular Networks},
  journal = {Proceedings of the 10th USENIX conference on Networked Systems Design and Implementation (NSDI)},
  year = {2013},
  pages = {459–-471}
}

@article{packetcore.wp,
 author = {Zafar Qazi and Melvin Walls and Aurojit Panda,\ and Vyas Sekar and Sylvia Ratnasamy and Scott Shenker.},
 title = {A High Performance Packet Core for Next Generation Cellular Networks},
  journal = {Proceedings of the 2017 ACM Conference on Special Interest Group on Data Communication (SIGCOMM’17)},
  year = {2017}
}

@article{dpcm.wp,
 author = {Yuanjie Li and Zengwen Yuan and Chunyi Peng},
 title = {A Control-Plane Perspective on Reducing Data Access Latency in LTE Networks},
  journal = {MobiCom’17},
  issue_date = {Oct 2017},
  month = {October},
  year = {2017}
}
@article{philprob.wp,
 author = {J.Rexford},
 title = {The networking philospher’s problem},
  journal = {ACM SIGCOMM Computer Communication Review},
  year = {2011}
}
@article{pastproto.wp,
 author = {S.Shenker},
 title = {The future of networking, and the past of protocols},
  journal = {Public Talk},
  year = {2011} 
}

@article{pyke.wp,
 author = {Zied Ben Houidi},
 title = {A Knowledge-Based Systems Approach to Reason About Networking},
  journal = {HotNets '16 Proceedings of the 15th ACM Workshop on Hot Topics in Networks},
  issue_date = {Nov 2016},
  month = {November},
  year = {2016},
  pages = {22--28} 
}
@article{mgmtanalytics.wp,
 author = {Aaron Gember-Jacobson and Wenfei Wu and Xiujun Lia and Aditya Akella and Ratul Mahajan},
 title = {Management plane analytics},
  journal = {Proceedings of the 2015 ACM Conference on Internet
Measurement Conference},
  year = {2015},
  pages = {469--483} 
}

@article{netconf.wp,
 author = {	Ari Fogel and Stanley Fung and Luis Pedrosa and 	Meg Walraed-Sullivan and Ramesh Govindan and 	Ratul Mahajann and 	Todd Millstein},
 title = {A general approach to network configuration analysis},
  journal = {NSDI'15 Proceedings of the 12th USENIX Conference on Networked Systems Design and Implementation},
  issue_date = {May 2015},
  month = {May},
  year = {2015},
  pages = {469--483} 
}

@article{robotron.wp,
 author = {YuWei Eric Sung and Xiaozheng Tie and Starsky H.Y. Wong and Hongyi Zeng},
 title = {Robotron: Top-down Network Management at Facebook Scale},
  journal = {SIGCOMM '16},
  issue_date = {Aug 2016},
  month = {August},
  year = {2016},
  pages = {426--439}
} 

@article{mgmtsearch.wp,
 author = {Misbah Uddin and Rolf Stadler and Alexander Clemm},
 title = {Management by network search},
  journal = {Network Operations and Management Symposium (NOMS), 2012 IEEE},
  issue_date = {June 2012}
} 

@article{knowplane.wp,
 author = {David D. Clark and Craig Partridge and J. Christopher and Ramming and John T. Wroclawski},
 title = {A Knowledge Plane for the Internet},
  journal = {SIGCOMM '03 Proceedings of the 2003 conference on Applications, technologies, architectures, and protocols for computer communications},
  issue_date = {August 2003}
} 
@article{knownet.wp,
 author = {Ren Quinn and Josh Kunz and Aisha Syed and Joe Breen and Sneha Kasera and Rob Ricci and Jacobus Van der Merwe},
 title = {KnowNet: Towards a Knowledge Plane for Enterprise Network Management},
  journal = {Network Operations and Management Symposium (NOMS)},
  issue_date = {April 2016},
  month = {April},
  year = {2016}
} 
@article{endtoend.wp,
 author = {Blumenthal, M. S., and Clark, D. D},
 title = {Rethinking the design of the Internet: The end to end arguments vs. the brave new world},
  journal = {CM Transactions on Internet Technology 1},
  issue_date = {Aug 2001}
} 
@article{tussle.wp,
 author = {David D. Clark. and John Wroclawski and Karen R. Sollins and Robert Braden},
 title = {Tussle in Cyberspace: Defining Tomorrow’s Internet},
  journal = {IEEE/ACM Transactions on Networking (TON)},
  issue_date = {Jun 2002},
  volume = {13},
 number = {3},
  pages = {462--475}
} 
@article{choice.wp,
 author = {Dwaraki, A. and Wolf, T.},
 title = {Service instantiation in an Internet with choices},
  journal = {Proc. of the 22nd IEEE International Conference on Computer Communications and Networks (ICCCN)},
  issue_date = {Aug 2013}
} 

@article{choicenet.wp,
 author = {T. Wolf and J. Griffioen and K. Calvert and R. Dutta and G. Rouskas and I. Baldin and A. Nagurney},
 title = {ChoiceNet: Toward an Economy Plane for the Internet}},
  journal = {ACM SIGCOMM Computer Communication Review},
  issue_date = {July 2014},
  month = {July},
  year = {2014},
  volume = {44},
  number = {3}
} 

@article{xiafull.wp,
 author = {A. Anand and F. Dogar and D. Han and B. Li and H. Lim and M. Machado and W. Wu and A. Akella and D. Andersen and J. Byers and S. Seshan and P. Steenkiste	},
 title = {XIA: An Architecture for an Evolvable and Trustworthy Internet},
  journal = {The Tenth ACM Workshop on Hot Topics in Networks},
  issue_date = {November 2011}
} 
@article{scion.wp,
 author = {X. Zhang and H.C. Hsiao and G. Hasker and H. Chan and A. Perrig and D. G. Andersen},
 title = {Scion: Scalability, control, and isolation on next-generation networks},
  journal = {IEEE Symposium on Security and Privacy},
  issue_date = {May 2011}
} 
@article{xia.wp,
 author = {David Naylor and Matthew K. Mukerjee and Patrick Agyapong and Robert Grandl and Ruogu Kang and Michel Machado	},
 title = {XIA: Architecting a More Trustworthy and Evolvable Internet},
  journal = {ACM SIGCOMM Computer Communication Review},
  issue_date = {July 2014},
  year = {2014},
  volume = {44},
  number = {3}
} 

@article{smore.wp,
 author = {Junguk Cho and Binh Nguyen and Arijit Banerjee and Robert Ricci and Jacobus Van der Merwe and Kirk Webb},
 title = {SMORE: Software-Defined Networking Mobile Offloading Architecture},
  journal = {Proceedings of the 4th workshop on All things cellular},
  issue_date = {August 2014},
  year = {2014},
  pages = {21--26}
} 
@Misc{fia,
  OPTkey = 	 {},
  author =	 "{NSF}",
  title =	 "{FUTURE INTERNET ARCHITECTURE PROJECT}",
  howpublished = {\url{http://www.nets-fia.net}},
  year = {2010}
}
@article{sndn.wp,
 author = { H. Yuan and T. Song, and P. Crowley},
 title = {Scalable NDN forwarding: Concepts, issues and principles},
  journal = {ICCCN},
  year = {2012}
} 

@Misc{ccn,
  OPTkey = 	 {},
  author =	 "{Van Jacobson}",
  title =	 "{A New Way to Look at Networking}",
  howpublished = {\url{https://www.youtube.com/watch?v=oCZMoY3q2uM}},
  year = {2006}
}

@article{ndn.wp,
 author = { Lixia Zhang and Alexander Afanasyev and Jeffrey Burke and Van Jacobson and KC Claffy and Patrick Crowley and Christos Papadopoulos and Lan Wang and Beichuan Zhang},
 title = {Named Data Networking},
  journal = {ACM SIGCOMM Computer Communication Review},
  issue_date = {July 2014},
 volume = {44},
 number = {3},
  year = {2014}
} 
@article{gns.wp,
 author = {B. W. Lampson},
 title = {Designing a global name service},
  journal = {ACM PODC},
  year = {1986}
} 

@article{mf.wp,
 author = {Arun Venkataramani and James F. Kurose and Dipankar Raychaudhuri and Kiran Nagaraja and Suman Banerjee and Z. Morley Mao},
 title = {MobilityFirst: A Mobility-Centric and Trustworthy Internet Architecture},
  journal = {ACM SIGCOMM Computer Communication Review},
  issue_date = {July 2014},
 volume = {44},
 number = {3},
  year = {2014}
} 

@article{connless.wp,
 author = {"ISO"},
 title = {Protocol for Providing the ConnectionlessMode Network Service},
  journal = {Tech. report DIS8473, International Organization for Standardization},
  year = {1986}
} 
@article{inter.wp,
 author = {"Jonathan B. Postel"},
 title = {Internetwork Protocol Approaches},
  journal = {IEEE Transactions on Communications},
 issue_date = {April 1980},
 volume = {28},
 number = {4},
 pages = {605--611}
} 

@article{darpa.wp,
 author = {"David D. Clark"},
 title = {The Design Philosophy of the DARPA Internet Protocols},
  journal = {SIGCOMM â88, Computer Communication Review},
 issue_date = {August 1988},
 month = {Aug},
 year = {1988},
 volume = {18},
 number = {4},
 pages = {106--114}
} 
@Misc{ospf,
  OPTkey = 	 {},
  title =	 "{OSPF)}",
  howpublished = {\url{https://en.wikipedia.org/wiki/Open_Shortest_Path_First}},
}

@Misc{quagga,
  OPTkey = 	 {},
  title =	 "{Quagga Routing Suite)}",
  howpublished = {\url{http://www.nongnu.org/quagga/}},
}
@Misc{commands,
  OPTkey = 	 {},
  author =	 "{Redhat Team}",
  title =	 "{OPENSTACK COMMAND-LINE INTERFACE CHEAT SHEET)}",
  howpublished = {\url{https://access.redhat.com/documentation/en-US/Red_Hat_Enterprise_Linux_OpenStack_Platform/5/html/End_User_Guide/app_cheat_sheet.html}},
}
@inproceedings{tiny,
   author =       "V. Jeyakumar and M. Alizadeh and C. Kim,and
D. Mazi`eres",
   title =        "{Tiny packet programs for low-latency network control and monitoring}",
   booktitle =    {Proceedings of the Twelfth ACM Workshop on Hot Topics in Networks, HotNets-XII},
   year =         {2013},
   pages =        {8:1â8:7}
}
@article{hyper4.wp,
 author = {"David Hancock and Jacobus van der Merwe},
 title = {P4: Programming Protocol-Independent Packet Processors},
  journal = {CoNEXT '16 Proceedings of the 12th International on Conference on emerging Networking EXperiments and Technologies},
 issue_date = {December 2016},
 month = {dec},
 year = {2016},
  pages = {35--49}
} 
@inproceedings{forwarding,
   author =       "Haoyu Song",
   title =        "{Protocol-Oblivious Forwarding: Unleash the Power of SDN through a Future-Proof Forwarding Plane}",
   booktitle =    {SIGCOMM HotSDN Workshop},
   year =         {2013},
   month =        {August}
}
@inproceedings{sivaraman2013no,
   author =       "Anirudh Sivaraman and Keith Winstein and Suvinay Subramanian and Hari Balakrishnan",
   title =        "{No Silver Bullet: Extending SDN to the Data Plane}",
   booktitle =    {Twelfth ACM Workshop on Hot Topics in Networks (HotNets-XII)},
   year =         {2013},
   month =        {November},
   address =      {College Park, MD}
}
@article{p4.wp,
 author = {"P. Bosshart and D. Daly and G. Gibb and M. Izzard, N. McKeown and J. Rexford and C. Schlesinger and D. Talayco and A. Vahdat and G. Varghese and D. Walker"},
 title = {P4: Programming Protocol-Independent Packet Processors},
  journal = {ACM Sigcomm 2014},
 issue_date = {July 2014},
 volume = {44},
 number = {3},
 month = {july},
 year = {2014}
} 
@article{redun.wp,
 author = {N. T. Spring and D. Wetherall},
 title = {A protocol-independent technique for eliminating redundant network traffic},
  journal = {SIGCOMM, 2000},
 year = {2000}
} 

@article{mrkt.wp,
 author = {Zhe Wu and Harsha V. Madhyastha},
 title = {Rethinking Cloud Service Marketplaces},
  journal = {HotNets '16 Proceedings of the 15th ACM Workshop on Hot Topics in Networks},
 issue_date = {November 2016},
 month = {nov},
 year = {2016},
 pages = {134--140}
} 


@article{npacs.wp,
 author = {J. Sherry, S. Hasan, C. Scott, A. Krishnamurthy, S. Ratnasamy, and V. Sekar},
 title = {Making Middleboxes Someone elseâs Problem: Network Processing As a Cloud Service},
  journal = {Proceedings of the ACM SIGCOMM 2012 Conference on Applications, Technologies, Architectures, and Protocols for Computer Communication},
 issue_date = {2012},
 year = {2012},
 pages = {13--24}
} 

@article{middlebox.wp,
 author = {V. Sekar and N. Egi and S. Ratnasamy and M. K. Reiter and G. Shi},
 title = {Design and Implementation of a Consolidated Middlebox Architecture},
 journal = {Proceedings of the 9th USENIX Conference on Networked Systems Design and Implementation},
 issue_date = {2012},
 year = {2012},
 pages = {24--24}
} 

@article{embark.wp,
 author = {Chang Lan and Justine Sherry and Raluca Ada Popa and Sylvia Ratnasamy and Zhi Liu},
 title = {Embark: Securely Outsourcing Middleboxes to the Cloud},
 journal = {Proceedings of the 13th USENIX Symposium on Networked Systems Design and Implementation},
 issue_date = {March 2016},
 month = mar,
 year = {2016}
} 
@article{nfv.wp,
 author = {Bo Han, Vijay Gopalakrishnan, Lusheng Ji and Seungjoon Lee},
 title = {Network Functions Virtualization: Challenges and Opportunities for Innovations},
 journal = {IEEE Communications Magazine},
 issue_date = {February 2015},
 volume = {53},
 number = {2},
 month = feb,
 year = {2015},
 pages = {90--97}
} 
@article{cloudcost.wp,
 author = {A. Greenberg, J. Hamilton, D. A. Maltz, and P. Patel},
 title = {The Cost of a Cloud: Research Problems in Data Center Networks},
 journal = {ACM SIGCOMM Computer Communication Review},
 issue_date = {January 2009},
 volume = {39},
 number = {1},
 month = jan,
 year = {2009},
 pages = {68--73}
} 
@article{openapis.wp,
 author = {V. Sivaraman, T. Moors, H. H. Gharakheili, D. Ong, J. Matthews, and C. Russell},
 title = {Virtualizing the Access Network via Open APIs},
 journal = {Proceedings of CoNEXT 2013},
 issue_date = {December 2013},
 month = dec,
 year = {2013},
 pages = {31--42}
} 
@article{1,
 author = {Michael Armbrust and Armando Fox and Rean Griffith and Anthony D. Joseph and Randy Katz and Andy Konwinski and Gunho Lee and David Patterson and Ariel Rabkin and Ion Stoica and Matei Zaharia},
 title = {A View of Cloud Computing},
 journal = {Communications of the ACM},
 issue_date = {April 2010},
 volume = {53},
 number = {4},
 month = apr,
 year = {2010}
} 

@article{2,
 author = {Michael Armbrust and Armando Fox and Rean Griffith and Anthony D. Joseph and Randy Katz and Andy Konwinski and Gunho Lee and David Patterson and Ariel Rabkin and Ion Stoica and Matei Zaharia},
 title = {Above the Clouds: A Berkeley View of Cloud Computing},
 journal = {Technical Report No. UCB/EECS-2009-28},
 issue_date = {February 2009},
 month = feb,
 year = {2009}
} 

@article{3,
 author = {McCalpin, J.},
 title = {Memory bandwidth and machine balance
in current high performance computers.},
journal = {IEEE Technical Committee on Computer Architecture Newsletter},
year = {1995}
}

@article{4,
 author = {Barroso, L.A. and Holzle, U.},
 title = {The case for energy-proportional computing.},
 journal = {IEEE Computer},
 volume = {40},
 number = {12},
 issue_date = {December 2007},
 month = dec,
 year = {2007}
}

@inproceedings{mininet.conext,
  author = {Handigol, Nikhil and Heller, Brandon and Jeyakumar, Vimalkumar and Lantz, Bob and McKeown, Nick},
  booktitle = {CoNEXT},
  ee = {http://doi.acm.org/10.1145/2413176.2413206},
  publisher = {ACM},
  title = {Reproducible network experiments using container-based emulation.},
  year = 2012
}

@Misc{mininet,
  OPTkey = 	 {},
  author =	 "{Mininet Team}",
  title =	 "{Mininet - An Instant Virtual Network on your Laptop (or other PC)}",
  howpublished = {\url{http://mininet.org}},
  OPTmonth = 	 {},
  OPTyear = 	 {},
  OPTnote = 	 {},
  OPTannote = 	 {}
}




@Misc{mininet.download,
  OPTkey = 	 {},
  author =	 "{Mininet Team}",
  title =	 "{Download/Get Started With Mininet}",
  howpublished = {\url{http://mininet.org/download}},
  OPTmonth = 	 {},
  OPTyear = 	 {},
  OPTnote = 	 {},
  OPTannote = 	 {}
}

@Misc{mininet.walkthrough,
  OPTkey = 	 {},
  author =	 "{Mininet Team}",
  title =	 "{Mininet Walkthrough}",
  howpublished = {\url{http://mininet.org/walkthrough/}},
  OPTmonth = 	 {},
  OPTyear = 	 {},
  OPTnote = 	 {},
  OPTannote = 	 {}
}

@Misc{openflow.wp.old,
  OPTkey = 	 {},
  author =	 {Nick McKeown and Tom Anderson and Hari Balakrishnan and Guru Parulkar and Larry Peterson and Jennifer Rexford and Scott Shenker and Jonathan Turner},
  title =	 "{OpenFlow: Enabling Innovation in Campus Networks}",
  howpublished = {\url{http://www.openflow.org/documents/openflow-wp-latest.pdf}},
  OPTmonth = 	 {},
  OPTyear = 	 {},
  OPTnote = 	 {},
  OPTannote = 	 {}
}


@Misc{openflow.specs,
  OPTkey = 	 {},
  author =	 "{Open Networking Foundation}",
  title =	 "{OpenFlow Switch Specifications}",
  howpublished = {\url{https://www.opennetworking.org/sdn-resources/onf-specifications/openflow}},
  OPTmonth = 	 {},
  OPTyear = 	 {},
  OPTnote = 	 {},
  OPTannote = 	 {}
}


@Misc{openflow.tutorial,
  OPTkey = 	 {},
  OPTauthor = 	 {},
  title =	 "{OpenFlow Tutorial}",
  howpublished = {\url{http://www.openflow.org/wk/index.php/OpenFlow_Tutorial}},
  OPTmonth = 	 {},
  OPTyear = 	 {},
  OPTnote = 	 {},
  OPTannote = 	 {}
}

@inproceedings{random.host.mutation,
 author = {Jafarian, Jafar Haadi and Al-Shaer, Ehab and Duan, Qi},
 title = {Openflow random host mutation: transparent moving target defense using software defined networking},
 booktitle = {Proceedings of the first workshop on Hot topics in software defined networks},
 series = {HotSDN '12},
 year = {2012},
 isbn = {978-1-4503-1477-0},
 location = {Helsinki, Finland},
 pages = {127--132},
 numpages = {6},
 url = {http://doi.acm.org/10.1145/2342441.2342467},
 doi = {10.1145/2342441.2342467},
 acmid = {2342467},
 publisher = {ACM},
 address = {New York, NY, USA},
 keywords = {ip mutation, moving target defense, security, software-defined networking},
} 

@article{how.to.read,
 author = {Keshav, S.},
 title = {How to read a paper},
 journal = {SIGCOMM Comput. Commun. Rev.},
 issue_date = {July 2007},
 volume = {37},
 number = {3},
 month = jul,
 year = {2007},
 issn = {0146-4833},
 pages = {83--84},
 numpages = {2},
 url = {http://doi.acm.org/10.1145/1273445.1273458},
 doi = {10.1145/1273445.1273458},
 acmid = {1273458},
 publisher = {ACM},
 address = {New York, NY, USA},
 keywords = {hints, paper, reading},
} 
